@techreport{ATLAS-CONF-2015-026,
      author         = "{ATLAS Collaboration (main author)}",
      title         = "{A search for $\mathbf{R}$-parity violating scalar top
                       decays in all-hadronic final states with the ATLAS detector
                       in $\mathbf{\sqrt{s}=8}$~TeV $\mathbf{pp}$ collisions}",
      institution   = "CERN",
      address       = "Geneva",
      number        = "ATLAS-CONF-2015-026",
      month         = "Jul",
      year          = "2015",
      reportNumber  = "ATLAS-CONF-2015-026",
      url           = "http://cds.cern.ch/record/2037653",
}
@techreport{ATL-COM-PHYS-2017-1377,
      author        = "Camacho Toro, Reina and Olsson, Joakim and Miller, David
                       and Stark, Giordon and Swiatlowski, Maximilian and Rizzi,
                       Chiara",
      title         = "{Search for direct production of charginos and neutralinos
                       with fully hadronic final states in pp collisions at 13 TeV
                       with the ATLAS detector}",
      institution   = "CERN",
      address       = "Geneva",
      number        = "ATL-COM-PHYS-2017-1377",
      month         = "Sep",
      year          = "2017",
      reportNumber  = "ATL-COM-PHYS-2017-1377",
      url           = "https://cds.cern.ch/record/2282762",
}
@techreport{ATL-COM-TILECAL-2016-032,
      author        = "Olsson, Joakim and Miller, David",
      title         = "{A measurement of the Tile Calorimeter response to single
                       isolated charged hadrons with the ATLAS detector in sqrt(s)
                       = 13 TeV pp collisions}",
      institution   = "CERN",
      address       = "Geneva",
      number        = "ATL-COM-TILECAL-2016-032",
      month         = "Sep",
      year          = "2016",
      reportNumber  = "ATL-COM-TILECAL-2016-032",
      url           = "https://cds.cern.ch/record/2214524",
}
