@article{RPVstop2016,
      author         = "{ATLAS Collaboration (main author)}",
      title          = "{A search for top squarks with R-parity-violating decays
                        to all-hadronic final states with the ATLAS detector in
                        $\sqrt{s}$ = 8 TeV proton-proton collisions}",
      journal        = "JHEP",
      volume         = "06",
      year           = "2016",
      reportNumber   = "CERN-PH-EP-2015-296",
      pages          = "067",
      doi            = "10.1007/JHEP06(2016)067",
      eprint         = "1601.07453",
      archivePrefix  = "arXiv",
      primaryClass   = "hep-ex",
}
@article{Multijet2015,
      author         = "{ATLAS Collaboration}",
      title          = "{Search for massive supersymmetric particles decaying to
                        many jets using the ATLAS detector in $pp$ collisions at
                        $\sqrt{s} = 8$ TeV}",
      journal        = "Phys. Rev.",
      volume         = "D91",
      year           = "2015",
      number         = "11",
      pages          = "112016",
      doi            = "10.1103/PhysRevD.93.039901, 10.1103/PhysRevD.91.112016",
      eprint         = "1502.05686",
      archivePrefix  = "arXiv",
      primaryClass   = "hep-ex",
      reportNumber   = "CERN-PH-EP-2015-020",
}
