@misc{ALPS2019,
  title= {Searches for Supersymmetry with the ATLAS detector},
  author = {Joakim Olsson},
  month = {April},
  year = {2019},
  note= {Fourth Alpine LHC Physics Summit, Obergurgl (Austria) \url{https://indico.cern.ch/event/757995/contributions/3331015/}}
}

@misc{USLUA2017,
  title= {Measurement of the Calorimeter Response to Single Hadrons with ATLAS at 13 TeV},
  author = {Joakim Olsson},
  month = {November},
  year = {2017},
  note= {US LHC Users Association Annual Meeting, 2017. Fermi National Accelerator Laboratory, Batavia, IL (United States) \url{https://indico.fnal.gov/event/15068}}
}
@misc{DPF2017,
  title= {Performance of the ATLAS Tile Calorimeter in Run 2 and Electronics Upgrade for High Luminosity LHC},
  author = {Joakim Olsson},
  month = {August},
  year = {2017},
  note= {APS Division of Particles and Fields 2017. Fermi National Accelerator Laboratory, Batavia, IL (United States) \url{https://indico.fnal.gov/event/11999/session/11/contribution/112}}
}

@misc{HFSF2019,
  title= {Deep Learning on FPGAs for the ATLAS Level-0 Muon Trigger Upgrade},
  author = {Joakim Olsson},
  month = {December},
  year = {2019},
  note= {Hadronic Final State Forum 2019 (internal workshop). The University of Chicago, Chicago, IL (United States) \url{https://indico.cern.ch/event/565930}}
}

@misc{ATLASWeekJune2017,
  title= {Tile Phase-II Upgrade},
  author = {Joakim Olsson},
  month = {June},
  year = {2017},
  note= {ATLAS Week (internal conference). CERN, Meyrin (Switzerland) \url{https://indico.cern.ch/event/626968}}
}

@misc{HFSF2016,
  title= {Topo-Clustering Classification with Deep Neural Networks},
  author = {Joakim Olsson},
  month = {December},
  year = {2016},
  note= {Hadronic Final State Forum 2016 (internal workshop). SLAC National Accelerator Laboratory, Menlo Park, CA (United States) \url{https://indico.cern.ch/event/565930}}
}
